@Book{MAKE,
	title       = {Managing Projects with make},
	author      = {Andrew Oram and Steve Talbott},
	publisher   = {O'Reilly \& Associates, Inc.},
	institution = {C Programming Utility},
	year        = {1993},
}

@Book{AUTOTOOLS,
	title     = {GNU Autoconf, Automake, and Libtool},
	author    = {Gary V. Vaughan and Ben Elliston and Tom Tromey and Ian Lance Taylor},
	publisher = {New Riders},
	year      = {2000},
	note      = {\url{http://sourceware.org/autobook/} [Online; accès : 07-08-2014]},
}

@Booklet{IN,
	title        = {Lexique des règles typographiques en usage à l’Imprimerie nationale},
	howpublished = {Imprimerie nationale},
	year         = {2011},
	note         = {6\up{e} édition},
}

@manual{BOOST,
	title = {\texttt{Boost} \Cpp{} \emph{libraries}},
	year  = {2013},
	note  = {\url{http://www.boost.org/} [Online; accès : 05-08-2014]},
}

@Booklet{IBM,
	title        = {General Decimal Arithmetic Specification},
	howpublished = {IBM},
	year         = {2009},
}	
